<?xml version="1.0" encoding="utf-8"?>
<record xmlns="http://www.loc.gov/MARC21/slim" xmlns:xsi="http://www.w3.org/2001/XMLSchema-instance" xsi:schemaLocation="http://www.loc.gov/MARC21/slim http://www.loc.gov/standards/marcxml/schema/MARC21slim.xsd">
	<leader>     nam a22     Mi 4500</leader>
	<controlfield tag="001">5638173</controlfield>
	<controlfield tag="003">NNC</controlfield>
	<controlfield tag="006">m        d        </controlfield>
	<controlfield tag="007">cr cn |||m|||a</controlfield>
	<controlfield tag="008">190509s1967    iq b    o     000 0 ara  </controlfield>
	<datafield ind1=" " ind2=" " tag="040">
		<subfield code="a">ZYU</subfield>
		<subfield code="b">ara</subfield>
		<subfield code="e">rda</subfield>
		<subfield code="c">ZYU</subfield>
	</datafield>
	<datafield ind1=" " ind2=" " tag="043">
		<subfield code="a">a-is---</subfield>
		<subfield code="a">ma-----</subfield>
	</datafield>
	<datafield ind1="0" ind2=" " tag="050">
		<subfield code="a">DS127</subfield>
		<subfield code="b">.K45</subfield>
	</datafield>
	<datafield ind1="1" ind2=" " tag="100">
		<subfield code="6">880-01</subfield>
		<subfield code="a">Khaṭṭāb, Maḥmūd Shīt,</subfield>
		<subfield code="d">1919-</subfield>
	</datafield>
	<datafield ind1="1" ind2="3" tag="245">
		<subfield code="6">880-02</subfield>
		<subfield code="a">al-Ayyām al-ḥāsimah qabla maʻrakat al-maṣīr /</subfield>
		<subfield code="c">taḷīf Maḥmūd Shīt Khaṭṭāb.</subfield>
	</datafield>
	<datafield ind1=" " ind2=" " tag="260">
		<subfield code="6">880-03</subfield>
		<subfield code="a">Baghdād :</subfield>
		<subfield code="b">Wizārat al-Thaqāfah wa-al-Irshād,</subfield>
		<subfield code="c">1967.</subfield>
	</datafield>
	<datafield ind1=" " ind2=" " tag="300">
		<subfield code="a">online resource (166 pages) :</subfield>
		<subfield code="b">maps</subfield>
	</datafield>
	<datafield ind1=" " ind2=" " tag="336">
		<subfield code="a">text</subfield>
		<subfield code="2">rdacontent</subfield>
	</datafield>
	<datafield ind1=" " ind2=" " tag="337">
		<subfield code="a">computer</subfield>
		<subfield code="2">rdamedia</subfield>
	</datafield>
	<datafield ind1=" " ind2=" " tag="338">
		<subfield code="a">online resource</subfield>
		<subfield code="2">rdacarrier</subfield>
	</datafield>
	<datafield ind1="1" ind2=" " tag="490">
		<subfield code="6">880-04</subfield>
		<subfield code="a">al-Silsilah al-siyāsīyah,</subfield>
		<subfield code="v">16</subfield>
	</datafield>
	<datafield ind1=" " ind2=" " tag="500">
		<subfield code="a">Part of the Arabic Collections Online (ACO) project, contributed by Columbia University Libraries.</subfield>
	</datafield>
	<datafield ind1=" " ind2=" " tag="533">
		<subfield code="a">Electronic reproduction.</subfield>
		<subfield code="b">New York, N.Y. :</subfield>
		<subfield code="c">New York University,</subfield>
		<subfield code="d">2019.</subfield>
		<subfield code="5">NNU</subfield>
	</datafield>
	<datafield ind1=" " ind2="0" tag="650">
		<subfield code="a">Israel-Arab War, 1967.</subfield>
	</datafield>
	<datafield ind1="2" ind2="7" tag="611">
		<subfield code="a">Israel-Arab War (1967)</subfield>
		<subfield code="2">fast</subfield>
		<subfield code="0">(OCoLC)fst00980283</subfield>
	</datafield>
	<datafield ind1=" " ind2="7" tag="648">
		<subfield code="a">1967</subfield>
		<subfield code="2">fast</subfield>
	</datafield>
	<datafield ind1="2" ind2=" " tag="710">
		<subfield code="a">Columbia University.</subfield>
		<subfield code="b">Libraries.</subfield>
	</datafield>
	<datafield ind1="0" ind2=" " tag="730">
		<subfield code="a">Arabic Collections Online.</subfield>
	</datafield>
	<datafield ind1="0" ind2="8" tag="776">
		<subfield code="i">Online version:</subfield>
		<subfield code="a">Khaṭṭāb, Maḥmūd Shīt, 1919-</subfield>
		<subfield code="t">Ayyām al-ḥāsimah qabla maʻrakat al-maṣīr.</subfield>
		<subfield code="d">Baghdād, Wizārat al-Thaqāfah wa-al-Irshād, 1967</subfield>
		<subfield code="w">(OCoLC)1043361602</subfield>
	</datafield>
	<datafield ind1="0" ind2="8" tag="776">
		<subfield code="i">Print version:</subfield>
		<subfield code="a">Khaṭṭāb, Maḥmūd Shīt, 1919-</subfield>
		<subfield code="t">al-Ayyām al-ḥāsimah qabla maʻrakat al-maṣīr</subfield>
		<subfield code="w">(NNC)5638173</subfield>
		<subfield code="w">(DLC)   74242984 </subfield>
		<subfield code="w">(OCoLC)22425945</subfield>
	</datafield>
	<datafield ind1="1" ind2=" " tag="810">
		<subfield code="6">880-05</subfield>
		<subfield code="a">Iraq.</subfield>
		<subfield code="b">Wizārat al-Thaqāfah wa-al-Irshād.</subfield>
		<subfield code="t">Silsilah al-siyāsīyah ;</subfield>
		<subfield code="v">16.</subfield>
	</datafield>
	<datafield ind1="4" ind2="0" tag="856">
		<subfield code="u">http://hdl.handle.net/2333.1/ngf1vrzq</subfield>
	</datafield>
	<datafield ind1="1" ind2=" " tag="880">
		<subfield code="6">100-01</subfield>
		<subfield code="a">خطاب، محمود شيت،</subfield>
		<subfield code="d">1919-</subfield>
	</datafield>
	<datafield ind1="1" ind2="2" tag="880">
		<subfield code="6">245-02</subfield>
		<subfield code="a">الايام الحاسمة قبل معركة المصير /</subfield>
		<subfield code="c">تأليف محمود شيت خطاب.</subfield>
	</datafield>
	<datafield ind1=" " ind2=" " tag="880">
		<subfield code="6">260-03</subfield>
		<subfield code="a">بغداد :</subfield>
		<subfield code="b">وزارة الثقافة والارشاد،</subfield>
		<subfield code="c">1967.</subfield>
	</datafield>
	<datafield ind1="1" ind2=" " tag="880">
		<subfield code="6">490-04</subfield>
		<subfield code="a">السلسلة السياسية،</subfield>
		<subfield code="v">16</subfield>
	</datafield>
	<datafield ind1="1" ind2=" " tag="880">
		<subfield code="6">810-05</subfield>
		<subfield code="a">عراق.</subfield>
		<subfield code="b">وزارة الثقافة والارشاد.</subfield>
		<subfield code="t">سلسلة السياسية ؛</subfield>
		<subfield code="v">16.</subfield>
	</datafield>
	<datafield ind1=" " ind2=" " tag="959">
		<subfield code="a">NNU</subfield>
		<subfield code="b">WEB</subfield>
		<subfield code="c">GENI</subfield>
		<subfield code="t">0</subfield>
		<subfield code="m">Electronic access</subfield>
		<subfield code="s">01</subfield>
	</datafield>
	<datafield ind1=" " ind2=" " tag="999">
		<subfield code="i">NNC_5638173</subfield>
		<subfield code="o">(OCoLC)ocm22425945</subfield>
		<subfield code="s">columbia_aco003942</subfield>
		<subfield code="s">columbia_aco003942</subfield>
	</datafield>
</record>
